{
  "updated_at": "2026-01-20T14:04:36Z",
  "tokens": {
    "28770223306876042609349339320023940766830944760118437790167392789285879039304": {
      "price": 0.987,
      "best_bid": 0.987,
      "best_ask": 0.988,
      "ts": "1768917862419",
      "updated_at": 1768917862.6950674,
      "event_type": "price_change",
      "seq": 4069
    },
    "14705029091296171110674089399091656949154521086160164017708184564241023149952": {
      "price": 0.013,
      "best_bid": 0.012,
      "best_ask": 0.013,
      "ts": "1768917862419",
      "updated_at": 1768917862.6950302,
      "event_type": "price_change",
      "seq": 4069
    },
    "19610288044512445018970900383394598704429716248417831382102395080716996421422": {
      "price": 0.007,
      "best_bid": 0.007,
      "best_ask": 0.009,
      "ts": "1768917861804",
      "updated_at": 1768917862.0992813,
      "event_type": "price_change",
      "seq": 594
    },
    "101607178899252540003647394903771939183206092960905788946883703746586650017054": {
      "price": 0.993,
      "best_bid": 0.991,
      "best_ask": 0.993,
      "ts": "1768917861804",
      "updated_at": 1768917862.0992897,
      "event_type": "price_change",
      "seq": 594
    },
    "11132544244839265378732084165256379227175677028258955804895976429843086532411": {
      "price": 0.25,
      "best_bid": 0.9,
      "best_ask": 0.91,
      "ts": "1768917803958",
      "updated_at": 1768917804.1082263,
      "event_type": "price_change",
      "seq": 356
    },
    "37281046158137671889895383499164526727881692321679587626659940834369685019496": {
      "price": 0.75,
      "best_bid": 0.09,
      "best_ask": 0.1,
      "ts": "1768917803958",
      "updated_at": 1768917804.108237,
      "event_type": "price_change",
      "seq": 356
    },
    "92338023949892178944669766466918011858071833335063600591564160751176113496073": {
      "price": 0.49,
      "best_bid": 0.27,
      "best_ask": 0.28,
      "ts": "1768917342554",
      "updated_at": 1768917342.6765854,
      "event_type": "price_change",
      "seq": 73
    },
    "93730658350732768649834008472861182019192630377489777653117511245710309885595": {
      "price": 0.51,
      "best_bid": 0.72,
      "best_ask": 0.73,
      "ts": "1768917342554",
      "updated_at": 1768917342.6765752,
      "event_type": "price_change",
      "seq": 73
    },
    "36732919114076026380039806748718856940648621591203841949809701657106525878844": {
      "price": 0.06,
      "best_bid": 0.59,
      "best_ask": 0.64,
      "ts": "1768917873680",
      "updated_at": 1768917873.8123643,
      "event_type": "price_change",
      "seq": 186
    },
    "108199626497821046618572524993737909727470476156115808563328756112796709819504": {
      "price": 0.94,
      "best_bid": 0.36,
      "best_ask": 0.41,
      "ts": "1768917873680",
      "updated_at": 1768917873.812374,
      "event_type": "price_change",
      "seq": 186
    }
  }
}